@article{agnew2003,
	author = {Agnew, Julie and Balduzzi, Pierluigi and Sund{\'{e}}n, Annika},
	journal = {American Economic Review},
	pages = {193--215},
	volume = {93},
	title = {{Portfolio choice and trading in a large 401(k) plan}},
	year = {2003}
}

@article{akepanidtaworn2019selling,
	title={Selling fast and buying slow: Heuristics and trading performance of institutional investors},
	author={Akepanidtaworn, Klakow and Di Mascio, Rick and Imas, Alex and Schmidt, Lawrence},
	journal={Available at SSRN 3301277},
	year={2019}
}

@incollection{albers1983prominence,
	title={On the prominence structure of the decimal system},
	author={Albers, Wulf and Albers, Glsela},
	booktitle={Advances in Psychology},
	volume={16},
	pages={271--287},
	year={1983},
	publisher={Elsevier}
}

@article{allen2016reference,
	title={Reference-dependent preferences: Evidence from marathon runners},
	author={Allen, Eric J and Dechow, Patricia M and Pope, Devin G and Wu, George},
	journal={Management Science},
	volume={63},
	pages={1657--1672},
	year={2016},
	publisher={INFORMS}
}

@article{barber2000,
	title={Trading is hazardous to your wealth: The common stock investment performance of individual investors},
	author={Barber, Brad M and Odean, Terrance},
	journal={Journal of Finance},
	volume={55},
	pages={773--806},
	year={2000},
}

@article{barber2013,
	author = {Barber, B. M. and Odean, T.},
	journal = {Handbook of the Economics of Finance; Volume 2A},
	number = {1},
	pages = {1533--1570},
	title = {{The Behavior of Individual Investors}},
	year = {2013}
}

@incollection{barberis2018,
	title={Psychology-based models of asset prices and trading volume},
	author={Barberis, Nicholas},
	booktitle={Handbook of Behavioral Economics: Applications and Foundations 1},
	volume={1},
	pages={79--175},
	year={2018},
	publisher={Elsevier}
}

@article{bhattacharya2012penny,
	title={Penny wise, dollar foolish: Buy--sell imbalances on and around round numbers},
	author={Bhattacharya, Utpal and Holden, Craig W and Jacobsen, Stacey},
	journal={Management Science},
	volume={58},
	pages={413--431},
	year={2012},
	publisher={INFORMS}
}

@article{bordalo2016competition,
	title={Competition for attention},
	author={Bordalo, Pedro and Gennaioli, Nicola and Shleifer, Andrei},
	journal={Review of Economic Studies},
	volume={83},
	pages={481--513},
	year={2016},
	publisher={Oxford University Press}
}

@article{bordalo2012salience,
	title={Salience theory of choice under risk},
	author={Bordalo, Pedro and Gennaioli, Nicola and Shleifer, Andrei},
	journal={Quarterly Journal of Economics},
	volume={127},
	pages={1243--1285},
	year={2012},
	publisher={MIT Press}
}

@techreport{bourghelle2009limit,
  title={Limit order clustering and price barriers on financial markets: Empirical evidence from Euronext},
  author={Bourghelle, David and Cellier, Alexis},
  year={2009},
  institution={Citeseer}
}

@article{chiao2009price,
  title={Price clustering: Evidence using comprehensive limit-order data},
  author={Chiao, Chaoshin and Wang, Zi-May},
  journal={Financial Review},
  volume={44},
  number={1},
  pages={1--29},
  year={2009},
  publisher={Wiley Online Library}
}

@article{chetty2009salience,
	title={Salience and taxation: Theory and evidence},
	author={Chetty, Raj and Looney, Adam and Kroft, Kory},
	journal={American Economic Review},
	volume={99},
	pages={1145--77},
	year={2009}
}

@article{dorn2005,
	author = {Dorn, Daniel and Huberman, Gur},
	journal = {Review of Finance},
	pages = {437--481},
	title = {Talk and Action: What Individual Investors Say and What They Do},
	volume = {9},
	year = {2005}
}

@article{feng2005,
	title={Do investor sophistication and trading experience eliminate behavioral biases in financial markets?},
	author={Feng, Lei and Seasholes, Mark S},
	journal={Review of Finance},
	volume={9},
	pages={305--351},
	year={2005},
}

@article{finkelstein2009ztax,
	title={E-ztax: Tax salience and tax rates},
	author={Finkelstein, Amy},
	journal={Quarterly Journal of Economics},
	volume={124},
	pages={969--1010},
	year={2009},
	publisher={MIT Press}
}

@article{hartzmark2015,
	author = {Hartzmark, S. M.},
	journal = {Review of Financial Studies},
	pages = {1024--1059},
	title = {{The Worst, the Best, Ignoring All the Rest: The Rank Effect and Trading Behavior}},
	volume = {28},
	year = {2015}
}

@article{hirshleifer2015,
	author = {Hirshleifer, David A.},
	journal = {Annual Review of Financial Economics},
	pages = {133--159},
	title = {{Behavioral Finance}},
	volume = {7},
	year = {2015}
}

@article{kuo2015cognitive,
  title={Cognitive limitation and investment performance: Evidence from limit order clustering},
  author={Kuo, Wei-Yu and Lin, Tse-Chun and Zhao, Jing},
  journal={The Review of Financial Studies},
  volume={28},
  number={3},
  pages={838--875},
  year={2015},
  publisher={Oxford University Press}
}

@article{lacetera2012heuristic,
	title={Heuristic thinking and limited attention in the car market},
	author={Lacetera, Nicola and Pope, Devin G and Sydnor, Justin R},
	journal={American Economic Review},
	volume={102},
	number={5},
	pages={2206--36},
	year={2012}
}

@article{linnainmaa2010limit,
	title={Do limit orders alter inferences about investor performance and behavior?},
	author={Linnainmaa, Juhani T},
	journal={The Journal of Finance},
	volume={65},
	number={4},
	pages={1473--1506},
	year={2010},
	publisher={Wiley Online Library}
}

@article{manning2009price,
	title={Price endings, left-digit effects, and choice},
	author={Manning, Kenneth C and Sprott, David E},
	journal={Journal of Consumer Research},
	volume={36},
	pages={328--335},
	year={2009},
	publisher={The University of Chicago Press}
}

@article{mitchell2006,
	author = {Mitchell, Olivia S. and Mottola, Gary R. and Utkus, Stephen P. and Yamaguchi, Takeshi},
	journal = {SSRN Electronic Journal},
	title = {The inattentive participant: Portfolio trading behavior in 401(K) plans}},
year = {2006}
}

@article{odean1998,
	author = {Odean, Terrance},
	journal = {Journal of Finance},
	pages = {1775--1798},
	title = {{Are Investors Reluctant to Realize Their Losses?}},
	volume = {53},
	year = {1998}
}

@article{olenski2020behavioral,
	title={Behavioral Heuristics in Coronary-Artery Bypass Graft Surgery},
	author={Olenski, Andrew R and Zimerman, Andr{\'e} and Coussens, Stephen and Jena, Anupam B},
	journal={New England Journal of Medicine},
	volume={382},
	number={8},
	pages={778--779},
	year={2020},
	publisher={Mass Medical Soc}
}

@article{poltrock1984comparative,
	title={Comparative judgments of multidigit numbers.},
	author={Poltrock, Steven E and Schwartz, David R},
	journal={Journal of Experimental Psychology: Learning, Memory, and Cognition},
	volume={10},
	number={1},
	pages={32},
	year={1984},
	publisher={American Psychological Association}
}

@article{pope2011round,
	title={Round numbers as goals: Evidence from baseball, SAT takers, and the lab},
	author={Pope, Devin and Simonsohn, Uri},
	journal={Psychological science},
	volume={22},
	pages={71--79},
	year={2011},
	publisher={Sage Publications Sage CA: Los Angeles, CA}
}

@article{pope2015focal,
	title={Focal points and bargaining in housing markets},
	author={Pope, Devin G and Pope, Jaren C and Sydnor, Justin R},
	journal={Games and Economic Behavior},
	volume={93},
	pages={89--107},
	year={2015},
	publisher={Elsevier}
}

@article{roger2018behavioral,
	title={Behavioral bias in number processing: Evidence from analysts’ expectations},
	author={Roger, Tristan and Roger, Patrick and Schatt, Alain},
	journal={Journal of Economic Behavior \& Organization},
	volume={149},
	pages={315--331},
	year={2018},
	publisher={Elsevier}
}

@article{seru2010,
	author = {Seru, Amit and Shumway, Tyler and Stoffman, Noah},
	journal = {Review of Financial Studies},
	pages = {705--739},
	title = {Learning by trading},
	volume = {23},
	year = {2010}
}

@article{shlain2018more,
	title={More than a penny’s worth: Left-digit bias and firm pricing},
	author={Shlain, Avner S},
	journal={manuscript, University of California, Berkeley},
	year={2018}
}

@article{stango2009exponential,
	title={Exponential growth bias and household finance},
	author={Stango, Victor and Zinman, Jonathan},
	journal={The Journal of Finance},
	volume={64},
	pages={2807--2849},
	year={2009},
	publisher={Wiley Online Library}
}

@article{thomas2005penny,
	title={Penny wise and pound foolish: the left-digit effect in price cognition},
	author={Thomas, Manoj and Morwitz, Vicki},
	journal={Journal of Consumer Research},
	volume={32},
	pages={54--64},
	year={2005},
	publisher={The University of Chicago Press}
}
@article{weber1998disposition,
  title={The disposition effect in securities trading: An experimental analysis},
  author={Weber, Martin and Camerer, Colin F},
  journal={Journal of Economic Behavior \& Organization},
  volume={33},
  number={2},
  pages={167--184},
  year={1998},
  publisher={Elsevier}
}
@article{frazzini2006disposition,
  title={The disposition effect and underreaction to news},
  author={Frazzini, Andrea},
  journal={The Journal of Finance},
  volume={61},
  number={4},
  pages={2017--2046},
  year={2006},
  publisher={Wiley Online Library}
}
@article{barberis2009drives,
  title={What drives the disposition effect? An analysis of a long-standing preference-based explanation},
  author={Barberis, Nicholas and Xiong, Wei},
  journal={the Journal of Finance},
  volume={64},
  number={2},
  pages={751--784},
  year={2009},
  publisher={Wiley Online Library}
}
@article{li2013prospect,
  title={Prospect theory, the disposition effect, and asset prices},
  author={Li, Yan and Yang, Liyan},
  journal={Journal of Financial Economics},
  volume={107},
  number={3},
  pages={715--739},
  year={2013},
  publisher={Elsevier}
}
@article{ben2012investors,
  title={Are investors really reluctant to realize their losses? Trading responses to past returns and the disposition effect},
  author={Ben-David, Itzhak and Hirshleifer, David},
  journal={The Review of Financial Studies},
  volume={25},
  number={8},
  pages={2485--2532},
  year={2012},
  publisher={Society for Financial Studies}
}
@article{bordalo2013salience,
  title={Salience and consumer choice},
  author={Bordalo, Pedro and Gennaioli, Nicola and Shleifer, Andrei},
  journal={Journal of Political Economy},
  volume={121},
  number={5},
  pages={803--843},
  year={2013},
  publisher={University of Chicago Press Chicago, IL}
}
@article{kHoszegi2013model,
  title={A model of focusing in economic choice},
  author={K{\H{o}}szegi, Botond and Szeidl, Adam},
  journal={The Quarterly journal of economics},
  volume={128},
  number={1},
  pages={53--104},
  year={2013},
  publisher={Oxford University Press}
}
@article{bushong2015model,
  title={A model of relative thinking},
  author={Bushong, Benjamin and Rabin, Matthew and Schwartzstein, Joshua},
  journal={Unpublished manuscript, Harvard University, Cambridge, MA},
  year={2015}
}


